<collection xmlns="http://www.loc.gov/MARC21/slim">
<record>
  <leader>00985nam0a2200181 i 450 </leader>
  <controlfield tag="001">IT\ICCU\CNCE\039635</controlfield>
  <controlfield tag="005">20160325000000.0</controlfield>
  <datafield tag="012" ind1=" " ind2=" ">
    <subfield code="a">iao&amp; c-on inea teS. (C) 1548 (Q)</subfield>
    <subfield code="2">fei</subfield>
  </datafield>
  <datafield tag="100" ind1=" " ind2=" ">
    <subfield code="a">19981031f1548        0itac0103    ba</subfield>
  </datafield>
  <datafield tag="101" ind1=" " ind2=" ">
    <subfield code="a">ITA</subfield>
  </datafield>
  <datafield tag="102" ind1=" " ind2=" ">
    <subfield code="a">IT</subfield>
  </datafield>
  <datafield tag="200" ind1="1" ind2=" ">
    <subfield code="a">Descrittione della solenissima entrata per el serenissimo re Felippo prencipe di Spagna, &amp; figliuolo vnico dell&apos;inuitissimo imperatore Carlo q uinto \!! n.s. fatta in Milano, con le splendidissime pompe de principi signori &amp; cauaglieri, &amp; insieme delli superbissimi armi, trionfali, con l&apos;apparecchio de liuree, tornei, feste, &amp; giostre da farsi ad honore di sua altezza, nelle nozze della illustrissima signora donna Hippolita Gonzaga con l&apos;illustrissimo signor Fabricio Colona</subfield>
  </datafield>
  <datafield tag="210" ind1=" " ind2=" ">
    <subfield code="d">\1548?!</subfield>
  </datafield>
  <datafield tag="215" ind1=" " ind2=" ">
    <subfield code="a">\4! c.</subfield>
    <subfield code="d">8ʻ</subfield>
  </datafield>
  <datafield tag="300" ind1=" " ind2=" ">
    <subfield code="a">La data presunta si ricava dal testo</subfield>
  </datafield>
  <datafield tag="712" ind1="0" ind2="2">
    <subfield code="a">s.n.</subfield>
    <subfield code="3">IT\ICCU\CNCT\000002</subfield>
    <subfield code="4">650</subfield>
  </datafield>
  <datafield tag="801" ind1=" " ind2="3">
    <subfield code="a">IT</subfield>
    <subfield code="b">ICCU</subfield>
    <subfield code="c">20201114</subfield>
  </datafield>
  <datafield tag="899" ind1=" " ind2=" ">
    <subfield code="a">Biblioteca nazionale Marciana. Venezia</subfield>
    <subfield code="1">VE0049</subfield>
    <subfield code="2">VEA BM</subfield>
  </datafield>
</record>
</collection>
